\textbf{â€¢}@book{houthakker1996economics,
  title={The economics of financial markets},
  author={Houthakker, Hendrik S and Williamson, Peter J},
  year={1996},
  publisher={Oxford University Press}
}
@article{cootner1964random,
  title={The random character of stock market prices},
  author={Cootner, Paul H},
  year={1964},
  publisher={Cambridge, Mass. MIT Press}
}
@Misc{investopediafinancialmarkets,
howpublished = {\url{http://www.investopedia.com/articles/investing/052313/financial-markets-capital-vs-money-markets.asp/}},
note = {Accessed February 06, 2015},
title = {Financial Markets: Capital Vs. Money Markets},
author = {Kristina Zucchi}
}
@book{bailey2005economics,
  title={The economics of financial markets},
  author={Bailey, Roy E},
  year={2005},
  publisher={Cambridge University Press}
}
@article{malkiel2003efficient,
  title={The efficient market hypothesis and its critics},
  author={Malkiel, Burton G},
  journal={The Journal of Economic Perspectives},
  volume={17},
  number={1},
  pages={59--82},
  year={2003},
  publisher={JSTOR}
}
@article{fama1965behavior,
  title={The behavior of stock-market prices},
  author={Fama, Eugene F},
  journal={The journal of Business},
  volume={38},
  number={1},
  pages={34--105},
  year={1965},
  publisher={JSTOR}
}
@article{clarke2001efficient,
  title={The efficient markets hypothesis},
  author={Clarke, Jonathan and Jandik, Tomas and Mandelker, Gershon},
  journal={Expert financial planning: Advice from industry leaders},
  pages={126--141},
  year={2001}
}
@article{lo1988stock,
  title={Stock market prices do not follow random walks: Evidence from a simple specification test},
  author={Lo, Andrew W and MacKinlay, A Craig},
  journal={Review of financial studies},
  volume={1},
  number={1},
  pages={41--66},
  year={1988},
  publisher={Soc Financial Studies}
}
@article{worthington2003empirical,
  title={An empirical note on the random walk behaviour and market efficiency of Latin American stock markets},
  author={Worthington, Andrew Charles and Higgs, Helen},
  journal={Faculty of Commerce-Papers},
  pages={298},
  year={2003}
}
@article{balvers2000mean,
  title={Mean reversion across national stock markets and parametric contrarian investment strategies},
  author={Balvers, Ronald and Wu, Yangru and Gilliland, Erik},
  journal={The Journal of Finance},
  volume={55},
  number={2},
  pages={745--772},
  year={2000},
  publisher={Wiley Online Library}
}

@article{worthington2004random,
  title={Random walks and market efficiency in European equity markets},
  author={Worthington, Andrew C and Higgs, Helen},
  journal={Global Journal of Finance and Economics},
  volume={1},
  number={1},
  pages={59--78},
  year={2004}
}
@article{borges2010efficient,
  title={Efficient market hypothesis in European stock markets},
  author={Borges, Maria Rosa},
  journal={The European Journal of Finance},
  volume={16},
  number={7},
  pages={711--726},
  year={2010},
  publisher={Taylor \& Francis}
}
@article{shamshirefficiency,
  title={EFFICIENCY IN STOCK MARKETS},
  author={Shamshir, Musarrat and Mustafa, Khalid},
  publisher={Citeseer}
}
@article{ball2009global,
  title={The global financial crisis and the efficient market hypothesis: What have we learned?},
  author={Ball, Ray},
  journal={Journal of Applied Corporate Finance},
  volume={21},
  number={4},
  pages={8--16},
  year={2009},
  publisher={Wiley Online Library}
}
@book{campbell1997econometrics,
  title={The econometrics of financial markets},
  author={Campbell, John Y and Lo, Andrew Wen-Chuan and MacKinlay, Archie Craig and others},
  volume={2},
  year={1997},
  publisher={princeton University press Princeton, NJ}
}
@article{cajueiro2004ranking,
  title={Ranking efficiency for emerging markets},
  author={Cajueiro, Daniel O and Tabak, Benjamin M},
  journal={Chaos, Solitons \& Fractals},
  volume={22},
  number={2},
  pages={349--352},
  year={2004},
  publisher={Elsevier}
}
@article{lim2007ranking,
  title={Ranking market efficiency for stock markets: A nonlinear perspective},
  author={Lim, Kian-Ping},
  journal={Physica A: Statistical Mechanics and its Applications},
  volume={376},
  pages={445--454},
  year={2007},
  publisher={Elsevier}
}
@book{kevin2015security,
  title={Security analysis and portfolio management},
  author={Kevin, S},
  year={2015},
  publisher={PHI Learning Pvt. Ltd.}
}
@article{fama1995random,
  title={Random walks in stock market prices},
  author={Fama, Eugene F},
  journal={Financial analysts journal},
  volume={51},
  number={1},
  pages={75--80},
  year={1995},
  publisher={CFA Institute}
}
@book{thomsett2006getting,
  title={Getting started in fundamental analysis},
  author={Thomsett, Michael C},
  year={2006},
  publisher={John Wiley \& Sons}
}
@article{charitou2000value,
  title={The value relevance of earnings and cash flows: empirical evidence for Japan},
  author={Charitou, Andreas and Clubb, Colin and Andreou, Andreas},
  journal={Journal of International Financial Management \& Accounting},
  volume={11},
  number={1},
  pages={1--22},
  year={2000},
  publisher={Wiley Online Library}
}
@article{chan1993can,
  title={Can fundamentals predict Japanese stock returns?},
  author={Chan, Louis KC and Hamao, Yasushi and Lakonishok, Josef},
  journal={Financial Analysts Journal},
  volume={49},
  number={4},
  pages={63--69},
  year={1993},
  publisher={CFA Institute}
}
@book{murphy1999technical,
  title={Technical analysis of the financial markets: A comprehensive guide to trading methods and applications},
  author={Murphy, John J},
  year={1999},
  publisher={Penguin}
}
@article{lo2000foundations,
  title={Foundations of technical analysis: Computational algorithms, statistical inference, and empirical implementation},
  author={Lo, Andrew W and Mamaysky, Harry and Wang, Jiang},
  journal={The journal of finance},
  volume={55},
  number={4},
  pages={1705--1770},
  year={2000},
  publisher={Wiley Online Library}
}
@book{lo2011evolution,
  title={The evolution of technical analysis: financial prediction from Babylonian tablets to Bloomberg terminals},
  author={Lo, Andrew W and Hasanhodzic, Jasmina},
  volume={139},
  year={2011},
  publisher={John Wiley \& Sons}
}
@book{malkiel1999random,
  title={A random walk down Wall Street: including a life-cycle guide to personal investing},
  author={Malkiel, Burton Gordon},
  year={1999},
  publisher={WW Norton \& Company}
}
@article{gujarati1999essentials,
  title={Essentials of econometrics},
  author={Gujarati, Damodar N and Porter, Dawn C},
  year={1999},
  publisher={McGraw-Hill New York, NY}
}
@book{granger2014forecasting,
  title={Forecasting economic time series},
  author={Granger, Clive William John and Newbold, Paul},
  year={2014},
  publisher={Academic Press}
}
@book{dougherty2007introduction,
  title={Introduction to econometrics},
  author={Dougherty, Christopher},
  year={2007},
  publisher={oxford university press, usa}
}
@article{sheppard2013financial,
  title={Financial econometrics notes},
  author={Sheppard, Kevin},
  journal={University of Oxford},
  pages={517},
  year={2013}
}
@book{hamilton1994time,
  title={Time series analysis},
  author={Hamilton, James Douglas},
  volume={2},
  year={1994},
  publisher={Princeton university press Princeton}
}
@book{wei1994time,
  title={Time series analysis},
  author={Wei, William Wu-Shyong},
  year={1994},
  publisher={Addison-Wesley publ Reading}
}
@inproceedings{zhang2013research,
  title={The Research of ARMA Model in CPI Time Series},
  author={Zhang, Feng Wang and Che, Wen Gang and Xu, Bei Bei and Xu, Jing Zhi},
  booktitle={Applied Mechanics and Materials},
  volume={347},
  pages={3099--3103},
  year={2013},
  organization={Trans Tech Publ}
}
@inproceedings{ariyo2014stock,
  title={Stock price prediction using the ARIMA model},
  author={Ariyo, Adebiyi A and Adewumi, Adewumi O and Ayo, Charles K},
  booktitle={Computer Modelling and Simulation (UKSim), 2014 UKSim-AMSS 16th International Conference on},
  pages={106--112},
  year={2014},
  organization={IEEE}
}
@article{zhai2009time,
  title={Time series forecasting competition among three sophisticated paradigms},
  author={Zhai, Yusheng},
  year={2009},
  publisher={The University of North Carolina Wilmington}
}
@book{satchell2011forecasting,
  title={Forecasting volatility in the financial markets},
  author={Satchell, Stephen and Knight, John},
  year={2011},
  publisher={Butterworth-Heinemann}
}
@book{meyler1998forecasting,
  title={Forecasting Irish inflation using ARIMA models},
  author={Meyler, Aidan and Kenny, Geoff and Quinn, Terry and others},
  volume={3},
  year={1998},
  publisher={Economic Analysis, Research and Publications Department, Central Bank of Ireland}
}
@book{mandelbrot1997variation,
  title={The variation of certain speculative prices},
  author={Mandelbrot, Benoit B},
  year={1997},
  publisher={Springer}
}
@article{engle2001garch,
  title={GARCH 101: The use of ARCH/GARCH models in applied econometrics},
  author={Engle, Robert},
  journal={The Journal of Economic Perspectives},
  volume={15},
  number={4},
  pages={157--168},
  year={2001},
  publisher={JSTOR}
}
@article{hansen2005forecast,
  title={A forecast comparison of volatility models: does anything beat a GARCH (1, 1)?},
  author={Hansen, Peter R and Lunde, Asger},
  journal={Journal of applied econometrics},
  volume={20},
  number={7},
  pages={873--889},
  year={2005},
  publisher={Wiley Online Library}
}
@article{frimpong2006modelling,
  title={Modelling and forecasting volatility of returns on the Ghana stock exchange using GARCH models},
  author={Frimpong, Joseph Magnus and Oteng-Abayie, Eric Fosu and others},
  journal={American Journal of Applied Sciences},
  volume={3},
  number={10},
  pages={2042--2048},
  year={2006}
}
@book{de2003machine,
  title={Machine Learning: ECML 2001: 12th European Conference on Machine Learning, Freiburg, Germany, September 5-7, 2001. Proceedings},
  author={De Raedt, Luc and Flach, Peter},
  volume={2167},
  year={2003},
  publisher={Springer}
}
@book{sammut2011encyclopedia,
  title={Encyclopedia of machine learning},
  author={Sammut, Claude and Webb, Geoffrey I},
  year={2011},
  publisher={Springer Science \& Business Media}
}
@book{fielding1999machine,
  title={Machine learning methods for ecological applications},
  author={Fielding, Alan},
  year={1999},
  publisher={Springer Science \& Business Media}
}
@misc{equationdiscintro,
author ={Ljupco Todorovski},
title = {{Eqtion Discovery Systems- Introduction}},
howpublished = "\url{http://www-ai.ijs.si/~ljupco/ed/}",
year = {2000},
note = "[online; accessed February 15,2016]"
}
@inproceedings{todorovski1997declarative,
  title={Declarative bias in equation discovery},
  author={Todorovski, Ljupco and Dzeroski, Saso},
  booktitle={ICML},
  pages={376--384},
  year={1997}
}
@inproceedings{kazakov2009equation,
  title={Equation Discovery for Macroeconomic Modelling.},
  author={Kazakov, Dimitar and Tsenova, Tsvetomira},
  booktitle={ICAART},
  pages={318--323},
  year={2009},
  organization={Citeseer}
}
@inproceedings{georgiev2015learning,
  title={Learning Ordinary Differential Equations for Macroeconomic Modelling},
  author={Georgiev, Zhivko and Kazakov, Dimitar},
  booktitle={Computational Intelligence, 2015 IEEE Symposium Series on},
  pages={905--909},
  year={2015},
  organization={IEEE}
}
@article{georgiev2015learning2,
  title={Equation Discovery for Macroeconomic Modelling: An Ordinary Differential Equations Approach},
  author={Georgiev, Zhivko},
  year={2015},
}
@inproceedings{turner2009adaptive,
  title={Adaptive sequential Bayesian change point detection},
  author={Turner, Ryan and Saatci, Yunus and Rasmussen, Carl Edward},
  booktitle={Temporal Segmentation Workshop at NIPS},
  year={2009}
}

@inproceedings{steyvers2005prediction,
  title={Prediction and change detection},
  author={Steyvers, Mark and Brown, Scott},
  booktitle={Advances in neural information processing systems},
  pages={1281--1288},
  year={2005}
}

@article{adams2007bayesian,
  title={Bayesian online changepoint detection},
  author={Adams, Ryan Prescott and MacKay, David JC},
  journal={arXiv preprint arXiv:0710.3742},
  year={2007}
}

@article{stephens1994bayesian,
  title={Bayesian retrospective multiple-changepoint identification},
  author={Stephens, DA},
  journal={Applied Statistics},
  pages={159--178},
  year={1994},
  publisher={JSTOR}
}
@article{chib1998estimation,
  title={Estimation and comparison of multiple change-point models},
  author={Chib, Siddhartha},
  journal={Journal of econometrics},
  volume={86},
  number={2},
  pages={221--241},
  year={1998},
  publisher={Elsevier}
}
@article{green1995reversible,
  title={Reversible jump Markov chain Monte Carlo computation and Bayesian model determination},
  author={Green, Peter J},
  journal={Biometrika},
  volume={82},
  number={4},
  pages={711--732},
  year={1995},
  publisher={Biometrika Trust}
}
@article{fearnhead2006exact,
  title={Exact and efficient Bayesian inference for multiple changepoint problems},
  author={Fearnhead, Paul},
  journal={Statistics and computing},
  volume={16},
  number={2},
  pages={203--213},
  year={2006},
  publisher={Springer}
}
@article{smith1975bayesian,
  title={A Bayesian approach to inference about a change-point in a sequence of random variables},
  author={Smith, AFM},
  journal={Biometrika},
  volume={62},
  number={2},
  pages={407--416},
  year={1975},
  publisher={Biometrika Trust}
}
@article{barry1993bayesian,
  title={A Bayesian analysis for change point problems},
  author={Barry, Daniel and Hartigan, John A},
  journal={Journal of the American Statistical Association},
  volume={88},
  number={421},
  pages={309--319},
  year={1993},
  publisher={Taylor \& Francis}
}
@inproceedings{turner2009adaptive,
  title={Adaptive sequential Bayesian change point detection},
  author={Turner, Ryan and Saatci, Yunus and Rasmussen, Carl Edward},
  booktitle={Temporal Segmentation Workshop at NIPS},
  year={2009}
}
@inproceedings{malladi2013online,
  title={Online Bayesian change point detection algorithms for segmentation of epileptic activity},
  author={Malladi, Rakesh and Kalamangalam, Giridhar P and Aazhang, Behnaam},
  booktitle={Signals, Systems and Computers, 2013 Asilomar Conference on},
  pages={1833--1837},
  year={2013},
  organization={IEEE}
}
@article{notarnicola2014bayesian,
  title={A bayesian change detection approach for retrieval of soil moisture variations under different roughness conditions},
  author={Notarnicola, Claudia},
  journal={Geoscience and Remote Sensing Letters, IEEE},
  volume={11},
  number={2},
  pages={414--418},
  year={2014},
  publisher={IEEE}
}
@article{lagramgeman,
  title={LAGRAMGE-an equation discovery system: User's manual},
  author={Todorovski, Ljupco},
  year ={1998}
  
}

@article{hopcroft2006automata,
  title={Automata theory, languages, and computation},
  author={Hopcroft, John E and Motwani, Rajeev and Ullman, Jeffrey D},
  journal={International Edition},
  volume={24},
  year={2006}
}
@incollection{dashti2007pruning,
  title={Pruning state spaces with extended beam search},
  author={Dashti, Mohammad Torabi and Wijs, Anton J},
  booktitle={Automated Technology for Verification and Analysis},
  pages={543--552},
  year={2007},
  publisher={Springer}
}

@book{gil2012methods,
  title={Methods for Decision Making in an Uncertain Environment-Proceedings of the Xvii Sigef Congress},
  author={Gil-Aluja, Jaime},
  volume={6},
  year={2012},
  publisher={World Scientific}
}
